%YAML 1.1
%TAG !u! tag:unity3d.com,2011:
--- !u!29 &1
OcclusionCullingSettings:
  m_ObjectHideFlags: 0
  serializedVersion: 2
  m_OcclusionBakeSettings:
    smallestOccluder: 5
    smallestHole: 0.25
    backfaceThreshold: 100
  m_SceneGUID: 00000000000000000000000000000000
  m_OcclusionCullingData: {fileID: 0}
--- !u!104 &2
RenderSettings:
  m_ObjectHideFlags: 0
  serializedVersion: 9
  m_Fog: 0
  m_FogColor: {r: 0.5, g: 0.5, b: 0.5, a: 1}
  m_FogMode: 3
  m_FogDensity: 0.01
  m_LinearFogStart: 0
  m_LinearFogEnd: 300
  m_AmbientSkyColor: {r: 0.212, g: 0.227, b: 0.259, a: 1}
  m_AmbientEquatorColor: {r: 0.114, g: 0.125, b: 0.133, a: 1}
  m_AmbientGroundColor: {r: 0.047, g: 0.043, b: 0.035, a: 1}
  m_AmbientIntensity: 1
  m_AmbientMode: 3
  m_SubtractiveShadowColor: {r: 0.42, g: 0.478, b: 0.627, a: 1}
  m_SkyboxMaterial: {fileID: 0}
  m_HaloStrength: 0.5
  m_FlareStrength: 1
  m_FlareFadeSpeed: 3
  m_HaloTexture: {fileID: 0}
  m_SpotCookie: {fileID: 10001, guid: 0000000000000000e000000000000000, type: 0}
  m_DefaultReflectionMode: 0
  m_DefaultReflectionResolution: 128
  m_ReflectionBounces: 1
  m_ReflectionIntensity: 1
  m_CustomReflection: {fileID: 0}
  m_Sun: {fileID: 0}
  m_IndirectSpecularColor: {r: 0, g: 0, b: 0, a: 1}
  m_UseRadianceAmbientProbe: 0
--- !u!157 &3
LightmapSettings:
  m_ObjectHideFlags: 0
  serializedVersion: 11
  m_GIWorkflowMode: 1
  m_GISettings:
    serializedVersion: 2
    m_BounceScale: 1
    m_IndirectOutputScale: 1
    m_AlbedoBoost: 1
    m_EnvironmentLightingMode: 0
    m_EnableBakedLightmaps: 0
    m_EnableRealtimeLightmaps: 0
  m_LightmapEditorSettings:
    serializedVersion: 12
    m_Resolution: 2
    m_BakeResolution: 40
    m_AtlasSize: 1024
    m_AO: 0
    m_AOMaxDistance: 1
    m_CompAOExponent: 1
    m_CompAOExponentDirect: 0
    m_ExtractAmbientOcclusion: 0
    m_Padding: 2
    m_LightmapParameters: {fileID: 0}
    m_LightmapsBakeMode: 1
    m_TextureCompression: 1
    m_FinalGather: 0
    m_FinalGatherFiltering: 1
    m_FinalGatherRayCount: 256
    m_ReflectionCompression: 2
    m_MixedBakeMode: 2
    m_BakeBackend: 0
    m_PVRSampling: 1
    m_PVRDirectSampleCount: 32
    m_PVRSampleCount: 500
    m_PVRBounces: 2
    m_PVREnvironmentSampleCount: 500
    m_PVREnvironmentReferencePointCount: 2048
    m_PVRFilteringMode: 2
    m_PVRDenoiserTypeDirect: 0
    m_PVRDenoiserTypeIndirect: 0
    m_PVRDenoiserTypeAO: 0
    m_PVRFilterTypeDirect: 0
    m_PVRFilterTypeIndirect: 0
    m_PVRFilterTypeAO: 0
    m_PVREnvironmentMIS: 0
    m_PVRCulling: 1
    m_PVRFilteringGaussRadiusDirect: 1
    m_PVRFilteringGaussRadiusIndirect: 5
    m_PVRFilteringGaussRadiusAO: 2
    m_PVRFilteringAtrousPositionSigmaDirect: 0.5
    m_PVRFilteringAtrousPositionSigmaIndirect: 2
    m_PVRFilteringAtrousPositionSigmaAO: 1
    m_ExportTrainingData: 0
    m_TrainingDataDestination: TrainingData
    m_LightProbeSampleCountMultiplier: 4
  m_LightingDataAsset: {fileID: 0}
  m_UseShadowmask: 1
--- !u!196 &4
NavMeshSettings:
  serializedVersion: 2
  m_ObjectHideFlags: 0
  m_BuildSettings:
    serializedVersion: 2
    agentTypeID: 0
    agentRadius: 0.5
    agentHeight: 2
    agentSlope: 45
    agentClimb: 0.4
    ledgeDropHeight: 0
    maxJumpAcrossDistance: 0
    minRegionArea: 2
    manualCellSize: 0
    cellSize: 0.16666667
    manualTileSize: 0
    tileSize: 256
    accuratePlacement: 0
    debug:
      m_Flags: 0
  m_NavMeshData: {fileID: 0}
--- !u!224 &15247203 stripped
RectTransform:
  m_CorrespondingSourceObject: {fileID: 843185015545034931, guid: b83f163913c7410b69c633c234f1d10d,
    type: 3}
  m_PrefabInstance: {fileID: 1706666170}
  m_PrefabAsset: {fileID: 0}
--- !u!1 &205136320
GameObject:
  m_ObjectHideFlags: 0
  m_CorrespondingSourceObject: {fileID: 0}
  m_PrefabInstance: {fileID: 0}
  m_PrefabAsset: {fileID: 0}
  serializedVersion: 6
  m_Component:
  - component: {fileID: 205136321}
  - component: {fileID: 205136322}
  m_Layer: 0
  m_Name: ProaColider
  m_TagString: Untagged
  m_Icon: {fileID: 0}
  m_NavMeshLayer: 0
  m_StaticEditorFlags: 0
  m_IsActive: 1
--- !u!4 &205136321
Transform:
  m_ObjectHideFlags: 0
  m_CorrespondingSourceObject: {fileID: 0}
  m_PrefabInstance: {fileID: 0}
  m_PrefabAsset: {fileID: 0}
  m_GameObject: {fileID: 205136320}
  m_LocalRotation: {x: 0, y: 0, z: 0, w: 1}
  m_LocalPosition: {x: 0, y: 0, z: 0}
  m_LocalScale: {x: 1, y: 1, z: 1}
  m_Children: []
  m_Father: {fileID: 1557415732}
  m_RootOrder: 5
  m_LocalEulerAnglesHint: {x: 0, y: 0, z: 0}
--- !u!60 &205136322
PolygonCollider2D:
  m_ObjectHideFlags: 0
  m_CorrespondingSourceObject: {fileID: 0}
  m_PrefabInstance: {fileID: 0}
  m_PrefabAsset: {fileID: 0}
  m_GameObject: {fileID: 205136320}
  m_Enabled: 1
  m_Density: 1
  m_Material: {fileID: 0}
  m_IsTrigger: 0
  m_UsedByEffector: 0
  m_UsedByComposite: 0
  m_Offset: {x: 0, y: 0}
  m_SpriteTilingProperty:
    border: {x: 0, y: 0, z: 0, w: 0}
    pivot: {x: 0, y: 0}
    oldSize: {x: 0, y: 0}
    newSize: {x: 0, y: 0}
    adaptiveTilingThreshold: 0
    drawMode: 0
    adaptiveTiling: 0
  m_AutoTiling: 0
  m_Points:
    m_Paths: []
--- !u!1001 &227310622
PrefabInstance:
  m_ObjectHideFlags: 0
  serializedVersion: 2
  m_Modification:
    m_TransformParent: {fileID: 399858495}
    m_Modifications:
    - target: {fileID: 1955430817956577999, guid: 44346b18fb628c12e87bba1d68b5880f,
        type: 3}
      propertyPath: m_Name
      value: GameControllers
      objectReference: {fileID: 0}
    - target: {fileID: 1955430817956578032, guid: 44346b18fb628c12e87bba1d68b5880f,
        type: 3}
      propertyPath: m_LocalPosition.x
      value: 0
      objectReference: {fileID: 0}
    - target: {fileID: 1955430817956578032, guid: 44346b18fb628c12e87bba1d68b5880f,
        type: 3}
      propertyPath: m_LocalPosition.y
      value: 0
      objectReference: {fileID: 0}
    - target: {fileID: 1955430817956578032, guid: 44346b18fb628c12e87bba1d68b5880f,
        type: 3}
      propertyPath: m_LocalPosition.z
      value: 0
      objectReference: {fileID: 0}
    - target: {fileID: 1955430817956578032, guid: 44346b18fb628c12e87bba1d68b5880f,
        type: 3}
      propertyPath: m_LocalRotation.x
      value: 0
      objectReference: {fileID: 0}
    - target: {fileID: 1955430817956578032, guid: 44346b18fb628c12e87bba1d68b5880f,
        type: 3}
      propertyPath: m_LocalRotation.y
      value: 0
      objectReference: {fileID: 0}
    - target: {fileID: 1955430817956578032, guid: 44346b18fb628c12e87bba1d68b5880f,
        type: 3}
      propertyPath: m_LocalRotation.z
      value: 0
      objectReference: {fileID: 0}
    - target: {fileID: 1955430817956578032, guid: 44346b18fb628c12e87bba1d68b5880f,
        type: 3}
      propertyPath: m_LocalRotation.w
      value: 1
      objectReference: {fileID: 0}
    - target: {fileID: 1955430817956578032, guid: 44346b18fb628c12e87bba1d68b5880f,
        type: 3}
      propertyPath: m_RootOrder
      value: 0
      objectReference: {fileID: 0}
    - target: {fileID: 1955430817956578032, guid: 44346b18fb628c12e87bba1d68b5880f,
        type: 3}
      propertyPath: m_LocalEulerAnglesHint.x
      value: 0
      objectReference: {fileID: 0}
    - target: {fileID: 1955430817956578032, guid: 44346b18fb628c12e87bba1d68b5880f,
        type: 3}
      propertyPath: m_LocalEulerAnglesHint.y
      value: 0
      objectReference: {fileID: 0}
    - target: {fileID: 1955430817956578032, guid: 44346b18fb628c12e87bba1d68b5880f,
        type: 3}
      propertyPath: m_LocalEulerAnglesHint.z
      value: 0
      objectReference: {fileID: 0}
    - target: {fileID: 5159852661232510826, guid: 44346b18fb628c12e87bba1d68b5880f,
        type: 3}
      propertyPath: background
      value: 
      objectReference: {fileID: 1237170587}
    - target: {fileID: 5159852661232510826, guid: 44346b18fb628c12e87bba1d68b5880f,
        type: 3}
      propertyPath: rain
      value: 
      objectReference: {fileID: 921220309}
    - target: {fileID: 8355526025889180776, guid: 44346b18fb628c12e87bba1d68b5880f,
        type: 3}
      propertyPath: spawners.Array.size
      value: 6
      objectReference: {fileID: 0}
    - target: {fileID: 8355526025889180776, guid: 44346b18fb628c12e87bba1d68b5880f,
        type: 3}
      propertyPath: spawners.Array.data[0]
      value: 
      objectReference: {fileID: 0}
    - target: {fileID: 8355526025889180776, guid: 44346b18fb628c12e87bba1d68b5880f,
        type: 3}
      propertyPath: spawners.Array.data[1]
      value: 
      objectReference: {fileID: 0}
    - target: {fileID: 8355526025889180776, guid: 44346b18fb628c12e87bba1d68b5880f,
        type: 3}
      propertyPath: spawners.Array.data[2]
      value: 
      objectReference: {fileID: 0}
    - target: {fileID: 8355526025889180776, guid: 44346b18fb628c12e87bba1d68b5880f,
        type: 3}
      propertyPath: spawners.Array.data[3]
      value: 
      objectReference: {fileID: 0}
    - target: {fileID: 8355526025889180776, guid: 44346b18fb628c12e87bba1d68b5880f,
        type: 3}
      propertyPath: spawners.Array.data[4]
      value: 
      objectReference: {fileID: 0}
    - target: {fileID: 8355526025889180776, guid: 44346b18fb628c12e87bba1d68b5880f,
        type: 3}
      propertyPath: spawners.Array.data[5]
      value: 
      objectReference: {fileID: 0}
    m_RemovedComponents:
    - {fileID: 6651635534151190794, guid: 44346b18fb628c12e87bba1d68b5880f, type: 3}
  m_SourcePrefab: {fileID: 100100000, guid: 44346b18fb628c12e87bba1d68b5880f, type: 3}
--- !u!1 &399858494
GameObject:
  m_ObjectHideFlags: 0
  m_CorrespondingSourceObject: {fileID: 0}
  m_PrefabInstance: {fileID: 0}
  m_PrefabAsset: {fileID: 0}
  serializedVersion: 6
  m_Component:
  - component: {fileID: 399858495}
  m_Layer: 0
  m_Name: ------Manager------
  m_TagString: Untagged
  m_Icon: {fileID: 0}
  m_NavMeshLayer: 0
  m_StaticEditorFlags: 0
  m_IsActive: 1
--- !u!4 &399858495
Transform:
  m_ObjectHideFlags: 0
  m_CorrespondingSourceObject: {fileID: 0}
  m_PrefabInstance: {fileID: 0}
  m_PrefabAsset: {fileID: 0}
  m_GameObject: {fileID: 399858494}
  m_LocalRotation: {x: 0, y: 0, z: 0, w: 1}
  m_LocalPosition: {x: 0, y: 0, z: 0}
  m_LocalScale: {x: 1, y: 1, z: 1}
  m_Children:
  - {fileID: 840152968}
  - {fileID: 1727400682}
  - {fileID: 420287216}
  - {fileID: 15247203}
  m_Father: {fileID: 0}
  m_RootOrder: 1
  m_LocalEulerAnglesHint: {x: 0, y: 0, z: 0}
--- !u!4 &420287216 stripped
Transform:
  m_CorrespondingSourceObject: {fileID: 1525284080858721171, guid: 21bfde4284218fc139e7ff178695c998,
    type: 3}
  m_PrefabInstance: {fileID: 997821654}
  m_PrefabAsset: {fileID: 0}
--- !u!1001 &447508150
PrefabInstance:
  m_ObjectHideFlags: 0
  serializedVersion: 2
  m_Modification:
    m_TransformParent: {fileID: 0}
    m_Modifications:
    - target: {fileID: 4673263738809011, guid: 2aac47a6beed36b8da392f12455aee0c, type: 3}
      propertyPath: m_Icon
      value: 
      objectReference: {fileID: -5442936267250999957, guid: 0000000000000000d000000000000000,
        type: 0}
    - target: {fileID: 4673263940398117, guid: 2aac47a6beed36b8da392f12455aee0c, type: 3}
      propertyPath: m_Icon
      value: 
      objectReference: {fileID: -5442936267250999957, guid: 0000000000000000d000000000000000,
        type: 0}
    - target: {fileID: 4673264090238407, guid: 2aac47a6beed36b8da392f12455aee0c, type: 3}
      propertyPath: m_Icon
      value: 
      objectReference: {fileID: -5442936267250999957, guid: 0000000000000000d000000000000000,
        type: 0}
    - target: {fileID: 4673264434391282, guid: 2aac47a6beed36b8da392f12455aee0c, type: 3}
      propertyPath: m_Icon
      value: 
      objectReference: {fileID: -5442936267250999957, guid: 0000000000000000d000000000000000,
        type: 0}
    - target: {fileID: 4673264593981938, guid: 2aac47a6beed36b8da392f12455aee0c, type: 3}
      propertyPath: m_Icon
      value: 
      objectReference: {fileID: -5442936267250999957, guid: 0000000000000000d000000000000000,
        type: 0}
    - target: {fileID: 4673265081721157, guid: 2aac47a6beed36b8da392f12455aee0c, type: 3}
      propertyPath: m_Icon
      value: 
      objectReference: {fileID: -5442936267250999957, guid: 0000000000000000d000000000000000,
        type: 0}
    - target: {fileID: 4673265197360630, guid: 2aac47a6beed36b8da392f12455aee0c, type: 3}
      propertyPath: m_Icon
      value: 
      objectReference: {fileID: -5442936267250999957, guid: 0000000000000000d000000000000000,
        type: 0}
    - target: {fileID: 4673265555667842, guid: 2aac47a6beed36b8da392f12455aee0c, type: 3}
      propertyPath: m_LocalPosition.y
      value: -3.21
      objectReference: {fileID: 0}
    - target: {fileID: 4673265555667842, guid: 2aac47a6beed36b8da392f12455aee0c, type: 3}
      propertyPath: m_LocalPosition.x
      value: 5.45
      objectReference: {fileID: 0}
    - target: {fileID: 4673265555667844, guid: 2aac47a6beed36b8da392f12455aee0c, type: 3}
      propertyPath: m_Icon
      value: 
      objectReference: {fileID: -5442936267250999957, guid: 0000000000000000d000000000000000,
        type: 0}
    - target: {fileID: 1315711523065124977, guid: 2aac47a6beed36b8da392f12455aee0c,
        type: 3}
      propertyPath: m_LocalPosition.x
      value: 0
      objectReference: {fileID: 0}
    - target: {fileID: 1315711523065124977, guid: 2aac47a6beed36b8da392f12455aee0c,
        type: 3}
      propertyPath: m_LocalPosition.y
      value: 0
      objectReference: {fileID: 0}
    - target: {fileID: 1315711523065124977, guid: 2aac47a6beed36b8da392f12455aee0c,
        type: 3}
      propertyPath: m_LocalPosition.z
      value: 0
      objectReference: {fileID: 0}
    - target: {fileID: 1315711523065124977, guid: 2aac47a6beed36b8da392f12455aee0c,
        type: 3}
      propertyPath: m_LocalRotation.x
      value: -0
      objectReference: {fileID: 0}
    - target: {fileID: 1315711523065124977, guid: 2aac47a6beed36b8da392f12455aee0c,
        type: 3}
      propertyPath: m_LocalRotation.y
      value: -0
      objectReference: {fileID: 0}
    - target: {fileID: 1315711523065124977, guid: 2aac47a6beed36b8da392f12455aee0c,
        type: 3}
      propertyPath: m_LocalRotation.z
      value: -0
      objectReference: {fileID: 0}
    - target: {fileID: 1315711523065124977, guid: 2aac47a6beed36b8da392f12455aee0c,
        type: 3}
      propertyPath: m_LocalRotation.w
      value: 1
      objectReference: {fileID: 0}
    - target: {fileID: 1315711523065124977, guid: 2aac47a6beed36b8da392f12455aee0c,
        type: 3}
      propertyPath: m_RootOrder
      value: 4
      objectReference: {fileID: 0}
    - target: {fileID: 1315711523065124977, guid: 2aac47a6beed36b8da392f12455aee0c,
        type: 3}
      propertyPath: m_LocalEulerAnglesHint.x
      value: 0
      objectReference: {fileID: 0}
    - target: {fileID: 1315711523065124977, guid: 2aac47a6beed36b8da392f12455aee0c,
        type: 3}
      propertyPath: m_LocalEulerAnglesHint.y
      value: 0
      objectReference: {fileID: 0}
    - target: {fileID: 1315711523065124977, guid: 2aac47a6beed36b8da392f12455aee0c,
        type: 3}
      propertyPath: m_LocalEulerAnglesHint.z
      value: 0
      objectReference: {fileID: 0}
    - target: {fileID: 1315711523065124978, guid: 2aac47a6beed36b8da392f12455aee0c,
        type: 3}
      propertyPath: m_Name
      value: Items
      objectReference: {fileID: 0}
    m_RemovedComponents: []
  m_SourcePrefab: {fileID: 100100000, guid: 2aac47a6beed36b8da392f12455aee0c, type: 3}
--- !u!4 &677240761 stripped
Transform:
  m_CorrespondingSourceObject: {fileID: 2467310513057746610, guid: fbf9ae3e9a341129a904298279ce48bd,
    type: 3}
  m_PrefabInstance: {fileID: 2467310512750293774}
  m_PrefabAsset: {fileID: 0}
--- !u!4 &840152968 stripped
Transform:
  m_CorrespondingSourceObject: {fileID: 1955430817956578032, guid: 44346b18fb628c12e87bba1d68b5880f,
    type: 3}
  m_PrefabInstance: {fileID: 227310622}
  m_PrefabAsset: {fileID: 0}
--- !u!1001 &921220308
PrefabInstance:
  m_ObjectHideFlags: 0
  serializedVersion: 2
  m_Modification:
    m_TransformParent: {fileID: 0}
    m_Modifications:
    - target: {fileID: 1245050953009108361, guid: a30e977a376139cebbd90e14ce75f608,
        type: 3}
      propertyPath: m_Name
      value: Particle System
      objectReference: {fileID: 0}
    - target: {fileID: 1245050953009108362, guid: a30e977a376139cebbd90e14ce75f608,
        type: 3}
      propertyPath: m_LocalPosition.x
      value: 0
      objectReference: {fileID: 0}
    - target: {fileID: 1245050953009108362, guid: a30e977a376139cebbd90e14ce75f608,
        type: 3}
      propertyPath: m_LocalPosition.y
      value: 0
      objectReference: {fileID: 0}
    - target: {fileID: 1245050953009108362, guid: a30e977a376139cebbd90e14ce75f608,
        type: 3}
      propertyPath: m_LocalPosition.z
      value: 0
      objectReference: {fileID: 0}
    - target: {fileID: 1245050953009108362, guid: a30e977a376139cebbd90e14ce75f608,
        type: 3}
      propertyPath: m_LocalRotation.x
      value: 0.7071068
      objectReference: {fileID: 0}
    - target: {fileID: 1245050953009108362, guid: a30e977a376139cebbd90e14ce75f608,
        type: 3}
      propertyPath: m_LocalRotation.y
      value: 0
      objectReference: {fileID: 0}
    - target: {fileID: 1245050953009108362, guid: a30e977a376139cebbd90e14ce75f608,
        type: 3}
      propertyPath: m_LocalRotation.z
      value: 0
      objectReference: {fileID: 0}
    - target: {fileID: 1245050953009108362, guid: a30e977a376139cebbd90e14ce75f608,
        type: 3}
      propertyPath: m_LocalRotation.w
      value: 0.7071068
      objectReference: {fileID: 0}
    - target: {fileID: 1245050953009108362, guid: a30e977a376139cebbd90e14ce75f608,
        type: 3}
      propertyPath: m_RootOrder
      value: 5
      objectReference: {fileID: 0}
    - target: {fileID: 1245050953009108362, guid: a30e977a376139cebbd90e14ce75f608,
        type: 3}
      propertyPath: m_LocalEulerAnglesHint.x
      value: 90
      objectReference: {fileID: 0}
    - target: {fileID: 1245050953009108362, guid: a30e977a376139cebbd90e14ce75f608,
        type: 3}
      propertyPath: m_LocalEulerAnglesHint.y
      value: 0
      objectReference: {fileID: 0}
    - target: {fileID: 1245050953009108362, guid: a30e977a376139cebbd90e14ce75f608,
        type: 3}
      propertyPath: m_LocalEulerAnglesHint.z
      value: 0
      objectReference: {fileID: 0}
    m_RemovedComponents: []
  m_SourcePrefab: {fileID: 100100000, guid: a30e977a376139cebbd90e14ce75f608, type: 3}
--- !u!198 &921220309 stripped
ParticleSystem:
  m_CorrespondingSourceObject: {fileID: 1245050953009108363, guid: a30e977a376139cebbd90e14ce75f608,
    type: 3}
  m_PrefabInstance: {fileID: 921220308}
  m_PrefabAsset: {fileID: 0}
--- !u!1 &957264073
GameObject:
  m_ObjectHideFlags: 0
  m_CorrespondingSourceObject: {fileID: 0}
  m_PrefabInstance: {fileID: 0}
  m_PrefabAsset: {fileID: 0}
  serializedVersion: 6
  m_Component:
  - component: {fileID: 957264074}
  - component: {fileID: 957264075}
  m_Layer: 0
  m_Name: LimitCollider
  m_TagString: Untagged
  m_Icon: {fileID: -5442936267250999957, guid: 0000000000000000d000000000000000, type: 0}
  m_NavMeshLayer: 0
  m_StaticEditorFlags: 0
  m_IsActive: 1
--- !u!4 &957264074
Transform:
  m_ObjectHideFlags: 0
  m_CorrespondingSourceObject: {fileID: 0}
  m_PrefabInstance: {fileID: 0}
  m_PrefabAsset: {fileID: 0}
  m_GameObject: {fileID: 957264073}
  m_LocalRotation: {x: 0, y: 0, z: 0, w: 1}
  m_LocalPosition: {x: -9.66, y: 0, z: 0}
  m_LocalScale: {x: 1, y: 1, z: 1}
  m_Children: []
  m_Father: {fileID: 677240761}
  m_RootOrder: 5
  m_LocalEulerAnglesHint: {x: 0, y: 0, z: 0}
--- !u!61 &957264075
BoxCollider2D:
  m_ObjectHideFlags: 0
  m_CorrespondingSourceObject: {fileID: 0}
  m_PrefabInstance: {fileID: 0}
  m_PrefabAsset: {fileID: 0}
  m_GameObject: {fileID: 957264073}
  m_Enabled: 1
  m_Density: 1
  m_Material: {fileID: 0}
  m_IsTrigger: 0
  m_UsedByEffector: 0
  m_UsedByComposite: 0
  m_Offset: {x: 0.12707615, y: 5.9408083}
  m_SpriteTilingProperty:
    border: {x: 0, y: 0, z: 0, w: 0}
    pivot: {x: 0, y: 0}
    oldSize: {x: 0, y: 0}
    newSize: {x: 0, y: 0}
    adaptiveTilingThreshold: 0
    drawMode: 0
    adaptiveTiling: 0
  m_AutoTiling: 0
  serializedVersion: 2
  m_Size: {x: 1.2541523, y: 21.840483}
  m_EdgeRadius: 0
--- !u!1001 &997821654
PrefabInstance:
  m_ObjectHideFlags: 0
  serializedVersion: 2
  m_Modification:
    m_TransformParent: {fileID: 399858495}
    m_Modifications:
    - target: {fileID: 1525284080858721170, guid: 21bfde4284218fc139e7ff178695c998,
        type: 3}
      propertyPath: m_Name
      value: AudioManager
      objectReference: {fileID: 0}
    - target: {fileID: 1525284080858721171, guid: 21bfde4284218fc139e7ff178695c998,
        type: 3}
      propertyPath: m_LocalPosition.x
      value: 0
      objectReference: {fileID: 0}
    - target: {fileID: 1525284080858721171, guid: 21bfde4284218fc139e7ff178695c998,
        type: 3}
      propertyPath: m_LocalPosition.y
      value: 0
      objectReference: {fileID: 0}
    - target: {fileID: 1525284080858721171, guid: 21bfde4284218fc139e7ff178695c998,
        type: 3}
      propertyPath: m_LocalPosition.z
      value: 0
      objectReference: {fileID: 0}
    - target: {fileID: 1525284080858721171, guid: 21bfde4284218fc139e7ff178695c998,
        type: 3}
      propertyPath: m_LocalRotation.x
      value: 0
      objectReference: {fileID: 0}
    - target: {fileID: 1525284080858721171, guid: 21bfde4284218fc139e7ff178695c998,
        type: 3}
      propertyPath: m_LocalRotation.y
      value: 0
      objectReference: {fileID: 0}
    - target: {fileID: 1525284080858721171, guid: 21bfde4284218fc139e7ff178695c998,
        type: 3}
      propertyPath: m_LocalRotation.z
      value: 0
      objectReference: {fileID: 0}
    - target: {fileID: 1525284080858721171, guid: 21bfde4284218fc139e7ff178695c998,
        type: 3}
      propertyPath: m_LocalRotation.w
      value: 1
      objectReference: {fileID: 0}
    - target: {fileID: 1525284080858721171, guid: 21bfde4284218fc139e7ff178695c998,
        type: 3}
      propertyPath: m_RootOrder
      value: 2
      objectReference: {fileID: 0}
    - target: {fileID: 1525284080858721171, guid: 21bfde4284218fc139e7ff178695c998,
        type: 3}
      propertyPath: m_LocalEulerAnglesHint.x
      value: 0
      objectReference: {fileID: 0}
    - target: {fileID: 1525284080858721171, guid: 21bfde4284218fc139e7ff178695c998,
        type: 3}
      propertyPath: m_LocalEulerAnglesHint.y
      value: 0
      objectReference: {fileID: 0}
    - target: {fileID: 1525284080858721171, guid: 21bfde4284218fc139e7ff178695c998,
        type: 3}
      propertyPath: m_LocalEulerAnglesHint.z
      value: 0
      objectReference: {fileID: 0}
    m_RemovedComponents: []
  m_SourcePrefab: {fileID: 100100000, guid: 21bfde4284218fc139e7ff178695c998, type: 3}
--- !u!1 &1197267981
GameObject:
  m_ObjectHideFlags: 0
  m_CorrespondingSourceObject: {fileID: 0}
  m_PrefabInstance: {fileID: 0}
  m_PrefabAsset: {fileID: 0}
  serializedVersion: 6
  m_Component:
  - component: {fileID: 1197267982}
  - component: {fileID: 1197267983}
  m_Layer: 0
  m_Name: LimitCollider (1)
  m_TagString: Untagged
  m_Icon: {fileID: 7866945982896999795, guid: 0000000000000000d000000000000000, type: 0}
  m_NavMeshLayer: 0
  m_StaticEditorFlags: 0
  m_IsActive: 1
--- !u!4 &1197267982
Transform:
  m_ObjectHideFlags: 0
  m_CorrespondingSourceObject: {fileID: 0}
  m_PrefabInstance: {fileID: 0}
  m_PrefabAsset: {fileID: 0}
  m_GameObject: {fileID: 1197267981}
  m_LocalRotation: {x: 0, y: 0, z: 0, w: 1}
  m_LocalPosition: {x: 9.6, y: 0, z: 0}
  m_LocalScale: {x: 1, y: 1, z: 1}
  m_Children: []
  m_Father: {fileID: 677240761}
  m_RootOrder: 6
  m_LocalEulerAnglesHint: {x: 0, y: 0, z: 0}
--- !u!61 &1197267983
BoxCollider2D:
  m_ObjectHideFlags: 0
  m_CorrespondingSourceObject: {fileID: 0}
  m_PrefabInstance: {fileID: 0}
  m_PrefabAsset: {fileID: 0}
  m_GameObject: {fileID: 1197267981}
  m_Enabled: 1
  m_Density: 1
  m_Material: {fileID: 0}
  m_IsTrigger: 0
  m_UsedByEffector: 0
  m_UsedByComposite: 0
  m_Offset: {x: 0.12707615, y: 5.9408083}
  m_SpriteTilingProperty:
    border: {x: 0, y: 0, z: 0, w: 0}
    pivot: {x: 0, y: 0}
    oldSize: {x: 0, y: 0}
    newSize: {x: 0, y: 0}
    adaptiveTilingThreshold: 0
    drawMode: 0
    adaptiveTiling: 0
  m_AutoTiling: 0
  serializedVersion: 2
  m_Size: {x: 1.2541523, y: 21.840483}
  m_EdgeRadius: 0
--- !u!1 &1237170587 stripped
GameObject:
  m_CorrespondingSourceObject: {fileID: 1840937713062305303, guid: 19aba76650da07f3783652acde5d9d46,
    type: 3}
  m_PrefabInstance: {fileID: 6765218783739093437}
  m_PrefabAsset: {fileID: 0}
--- !u!4 &1557415732 stripped
Transform:
  m_CorrespondingSourceObject: {fileID: 2467310512047329657, guid: fbf9ae3e9a341129a904298279ce48bd,
    type: 3}
  m_PrefabInstance: {fileID: 2467310512750293774}
  m_PrefabAsset: {fileID: 0}
--- !u!1001 &1706666170
PrefabInstance:
  m_ObjectHideFlags: 0
  serializedVersion: 2
  m_Modification:
    m_TransformParent: {fileID: 399858495}
    m_Modifications:
    - target: {fileID: 843185014085097697, guid: b83f163913c7410b69c633c234f1d10d,
        type: 3}
      propertyPath: m_AnchoredPosition.x
      value: -28.24
      objectReference: {fileID: 0}
    - target: {fileID: 843185014085097697, guid: b83f163913c7410b69c633c234f1d10d,
        type: 3}
      propertyPath: m_AnchoredPosition.y
      value: 1.59
      objectReference: {fileID: 0}
    - target: {fileID: 843185014085097697, guid: b83f163913c7410b69c633c234f1d10d,
        type: 3}
      propertyPath: m_AnchorMax.x
      value: 0
      objectReference: {fileID: 0}
    - target: {fileID: 843185014085097697, guid: b83f163913c7410b69c633c234f1d10d,
        type: 3}
      propertyPath: m_AnchorMax.y
      value: 0
      objectReference: {fileID: 0}
    - target: {fileID: 843185014085097697, guid: b83f163913c7410b69c633c234f1d10d,
        type: 3}
      propertyPath: m_SizeDelta.y
      value: -29.13
      objectReference: {fileID: 0}
    - target: {fileID: 843185014085097697, guid: b83f163913c7410b69c633c234f1d10d,
        type: 3}
      propertyPath: m_SizeDelta.x
      value: -64.58
      objectReference: {fileID: 0}
    - target: {fileID: 843185014927191558, guid: b83f163913c7410b69c633c234f1d10d,
        type: 3}
      propertyPath: m_AnchorMin.x
      value: 0.5
      objectReference: {fileID: 0}
    - target: {fileID: 843185014927191558, guid: b83f163913c7410b69c633c234f1d10d,
        type: 3}
      propertyPath: m_AnchorMin.y
      value: 0.5
      objectReference: {fileID: 0}
    - target: {fileID: 843185014927191558, guid: b83f163913c7410b69c633c234f1d10d,
        type: 3}
      propertyPath: m_AnchorMax.x
      value: 0.5
      objectReference: {fileID: 0}
    - target: {fileID: 843185014927191558, guid: b83f163913c7410b69c633c234f1d10d,
        type: 3}
      propertyPath: m_AnchorMax.y
      value: 0.5
      objectReference: {fileID: 0}
    - target: {fileID: 843185014927191558, guid: b83f163913c7410b69c633c234f1d10d,
        type: 3}
      propertyPath: m_SizeDelta.x
      value: 480
      objectReference: {fileID: 0}
    - target: {fileID: 843185014927191558, guid: b83f163913c7410b69c633c234f1d10d,
        type: 3}
      propertyPath: m_SizeDelta.y
      value: 360
      objectReference: {fileID: 0}
    - target: {fileID: 843185015515765232, guid: b83f163913c7410b69c633c234f1d10d,
        type: 3}
      propertyPath: m_IsActive
      value: 0
      objectReference: {fileID: 0}
    - target: {fileID: 843185015538628486, guid: b83f163913c7410b69c633c234f1d10d,
        type: 3}
      propertyPath: m_IsActive
      value: 1
      objectReference: {fileID: 0}
    - target: {fileID: 843185015545034828, guid: b83f163913c7410b69c633c234f1d10d,
        type: 3}
      propertyPath: m_Name
      value: UI
      objectReference: {fileID: 0}
    - target: {fileID: 843185015545034931, guid: b83f163913c7410b69c633c234f1d10d,
        type: 3}
      propertyPath: m_LocalPosition.x
      value: 0
      objectReference: {fileID: 0}
    - target: {fileID: 843185015545034931, guid: b83f163913c7410b69c633c234f1d10d,
        type: 3}
      propertyPath: m_LocalPosition.y
      value: 0
      objectReference: {fileID: 0}
    - target: {fileID: 843185015545034931, guid: b83f163913c7410b69c633c234f1d10d,
        type: 3}
      propertyPath: m_LocalPosition.z
      value: 0
      objectReference: {fileID: 0}
    - target: {fileID: 843185015545034931, guid: b83f163913c7410b69c633c234f1d10d,
        type: 3}
      propertyPath: m_LocalRotation.x
      value: 0
      objectReference: {fileID: 0}
    - target: {fileID: 843185015545034931, guid: b83f163913c7410b69c633c234f1d10d,
        type: 3}
      propertyPath: m_LocalRotation.y
      value: 0
      objectReference: {fileID: 0}
    - target: {fileID: 843185015545034931, guid: b83f163913c7410b69c633c234f1d10d,
        type: 3}
      propertyPath: m_LocalRotation.z
      value: 0
      objectReference: {fileID: 0}
    - target: {fileID: 843185015545034931, guid: b83f163913c7410b69c633c234f1d10d,
        type: 3}
      propertyPath: m_LocalRotation.w
      value: 1
      objectReference: {fileID: 0}
    - target: {fileID: 843185015545034931, guid: b83f163913c7410b69c633c234f1d10d,
        type: 3}
      propertyPath: m_RootOrder
      value: 3
      objectReference: {fileID: 0}
    - target: {fileID: 843185015545034931, guid: b83f163913c7410b69c633c234f1d10d,
        type: 3}
      propertyPath: m_LocalEulerAnglesHint.x
      value: 0
      objectReference: {fileID: 0}
    - target: {fileID: 843185015545034931, guid: b83f163913c7410b69c633c234f1d10d,
        type: 3}
      propertyPath: m_LocalEulerAnglesHint.y
      value: 0
      objectReference: {fileID: 0}
    - target: {fileID: 843185015545034931, guid: b83f163913c7410b69c633c234f1d10d,
        type: 3}
      propertyPath: m_LocalEulerAnglesHint.z
      value: 0
      objectReference: {fileID: 0}
    - target: {fileID: 843185015545034931, guid: b83f163913c7410b69c633c234f1d10d,
        type: 3}
      propertyPath: m_AnchoredPosition.x
      value: 0
      objectReference: {fileID: 0}
    - target: {fileID: 843185015545034931, guid: b83f163913c7410b69c633c234f1d10d,
        type: 3}
      propertyPath: m_AnchoredPosition.y
      value: 0
      objectReference: {fileID: 0}
    - target: {fileID: 843185015545034931, guid: b83f163913c7410b69c633c234f1d10d,
        type: 3}
      propertyPath: m_SizeDelta.x
      value: 0
      objectReference: {fileID: 0}
    - target: {fileID: 843185015545034931, guid: b83f163913c7410b69c633c234f1d10d,
        type: 3}
      propertyPath: m_SizeDelta.y
      value: 0
      objectReference: {fileID: 0}
    - target: {fileID: 843185015545034931, guid: b83f163913c7410b69c633c234f1d10d,
        type: 3}
      propertyPath: m_AnchorMin.x
      value: 0
      objectReference: {fileID: 0}
    - target: {fileID: 843185015545034931, guid: b83f163913c7410b69c633c234f1d10d,
        type: 3}
      propertyPath: m_AnchorMin.y
      value: 0
      objectReference: {fileID: 0}
    - target: {fileID: 843185015545034931, guid: b83f163913c7410b69c633c234f1d10d,
        type: 3}
      propertyPath: m_AnchorMax.x
      value: 0
      objectReference: {fileID: 0}
    - target: {fileID: 843185015545034931, guid: b83f163913c7410b69c633c234f1d10d,
        type: 3}
      propertyPath: m_AnchorMax.y
      value: 0
      objectReference: {fileID: 0}
    - target: {fileID: 843185015545034931, guid: b83f163913c7410b69c633c234f1d10d,
        type: 3}
      propertyPath: m_Pivot.x
      value: 0
      objectReference: {fileID: 0}
    - target: {fileID: 843185015545034931, guid: b83f163913c7410b69c633c234f1d10d,
        type: 3}
      propertyPath: m_Pivot.y
      value: 0
      objectReference: {fileID: 0}
    - target: {fileID: 843185015951967148, guid: b83f163913c7410b69c633c234f1d10d,
        type: 3}
      propertyPath: m_AnchorMin.x
      value: 0.5
      objectReference: {fileID: 0}
    - target: {fileID: 843185015951967148, guid: b83f163913c7410b69c633c234f1d10d,
        type: 3}
      propertyPath: m_AnchorMin.y
      value: 0.5
      objectReference: {fileID: 0}
    - target: {fileID: 843185015951967148, guid: b83f163913c7410b69c633c234f1d10d,
        type: 3}
      propertyPath: m_AnchorMax.x
      value: 0.5
      objectReference: {fileID: 0}
    - target: {fileID: 843185015951967148, guid: b83f163913c7410b69c633c234f1d10d,
        type: 3}
      propertyPath: m_AnchorMax.y
      value: 0.5
      objectReference: {fileID: 0}
    - target: {fileID: 843185015951967148, guid: b83f163913c7410b69c633c234f1d10d,
        type: 3}
      propertyPath: m_SizeDelta.x
      value: 480
      objectReference: {fileID: 0}
    - target: {fileID: 843185015951967148, guid: b83f163913c7410b69c633c234f1d10d,
        type: 3}
      propertyPath: m_SizeDelta.y
      value: 360
      objectReference: {fileID: 0}
    - target: {fileID: 843185016021051898, guid: b83f163913c7410b69c633c234f1d10d,
        type: 3}
      propertyPath: m_IsActive
      value: 1
      objectReference: {fileID: 0}
    - target: {fileID: 8758563342711098277, guid: b83f163913c7410b69c633c234f1d10d,
        type: 3}
      propertyPath: m_SizeDelta.x
      value: 578
      objectReference: {fileID: 0}
    - target: {fileID: 8758563343533189388, guid: b83f163913c7410b69c633c234f1d10d,
        type: 3}
      propertyPath: m_SizeDelta.y
      value: 92.7
      objectReference: {fileID: 0}
    - target: {fileID: 8758563343533189388, guid: b83f163913c7410b69c633c234f1d10d,
        type: 3}
      propertyPath: m_AnchoredPosition.y
      value: -33
      objectReference: {fileID: 0}
    - target: {fileID: 8758563343533189388, guid: b83f163913c7410b69c633c234f1d10d,
        type: 3}
      propertyPath: m_AnchoredPosition.x
      value: -111
      objectReference: {fileID: 0}
    - target: {fileID: 8758563343533189388, guid: b83f163913c7410b69c633c234f1d10d,
        type: 3}
      propertyPath: m_SizeDelta.x
      value: 184.9
      objectReference: {fileID: 0}
    - target: {fileID: 8758563343870158689, guid: b83f163913c7410b69c633c234f1d10d,
        type: 3}
      propertyPath: m_IsActive
      value: 1
      objectReference: {fileID: 0}
    - target: {fileID: 8758563344080304825, guid: b83f163913c7410b69c633c234f1d10d,
        type: 3}
      propertyPath: m_AnchorMax.x
      value: 0
      objectReference: {fileID: 0}
    - target: {fileID: 8758563344080304825, guid: b83f163913c7410b69c633c234f1d10d,
        type: 3}
      propertyPath: m_AnchorMax.y
      value: 0
      objectReference: {fileID: 0}
    - target: {fileID: 8758563344080304825, guid: b83f163913c7410b69c633c234f1d10d,
        type: 3}
      propertyPath: m_AnchoredPosition.x
      value: -15.64
      objectReference: {fileID: 0}
    - target: {fileID: 8758563344080304825, guid: b83f163913c7410b69c633c234f1d10d,
        type: 3}
      propertyPath: m_SizeDelta.x
      value: -35.44
      objectReference: {fileID: 0}
    - target: {fileID: 8758563344080304825, guid: b83f163913c7410b69c633c234f1d10d,
        type: 3}
      propertyPath: m_AnchoredPosition.y
      value: 1.52
      objectReference: {fileID: 0}
    - target: {fileID: 8758563344080304825, guid: b83f163913c7410b69c633c234f1d10d,
        type: 3}
      propertyPath: m_SizeDelta.y
      value: -24.07
      objectReference: {fileID: 0}
    m_RemovedComponents: []
  m_SourcePrefab: {fileID: 100100000, guid: b83f163913c7410b69c633c234f1d10d, type: 3}
--- !u!1 &1727400681
GameObject:
  m_ObjectHideFlags: 0
  m_CorrespondingSourceObject: {fileID: 0}
  m_PrefabInstance: {fileID: 0}
  m_PrefabAsset: {fileID: 0}
  serializedVersion: 6
  m_Component:
  - component: {fileID: 1727400682}
  - component: {fileID: 1727400683}
  m_Layer: 0
  m_Name: PlayerInputManager
  m_TagString: Untagged
  m_Icon: {fileID: 0}
  m_NavMeshLayer: 0
  m_StaticEditorFlags: 0
  m_IsActive: 1
--- !u!4 &1727400682
Transform:
  m_ObjectHideFlags: 0
  m_CorrespondingSourceObject: {fileID: 0}
  m_PrefabInstance: {fileID: 0}
  m_PrefabAsset: {fileID: 0}
  m_GameObject: {fileID: 1727400681}
  m_LocalRotation: {x: 0, y: 0, z: 0, w: 1}
  m_LocalPosition: {x: 0, y: 0, z: 0}
  m_LocalScale: {x: 1, y: 1, z: 1}
  m_Children: []
  m_Father: {fileID: 399858495}
  m_RootOrder: 1
  m_LocalEulerAnglesHint: {x: 0, y: 0, z: 0}
--- !u!114 &1727400683
MonoBehaviour:
  m_ObjectHideFlags: 0
  m_CorrespondingSourceObject: {fileID: 0}
  m_PrefabInstance: {fileID: 0}
  m_PrefabAsset: {fileID: 0}
  m_GameObject: {fileID: 1727400681}
  m_Enabled: 1
  m_EditorHideFlags: 0
  m_Script: {fileID: 11500000, guid: 621567455fd1c4ceb811cc8a00b6a1a5, type: 3}
  m_Name: 
  m_EditorClassIdentifier: 
  m_NotificationBehavior: 0
  m_MaxPlayerCount: 2
  m_AllowJoining: 1
  m_JoinBehavior: 0
  m_PlayerJoinedEvent:
    m_PersistentCalls:
      m_Calls: []
  m_PlayerLeftEvent:
    m_PersistentCalls:
      m_Calls: []
  m_JoinAction:
    m_UseReference: 0
    m_Action:
      m_Name: 
      m_Type: 0
      m_ExpectedControlType: 
      m_Id: 
      m_Processors: 
      m_Interactions: 
      m_SingletonActionBindings: []
    m_Reference: {fileID: 0}
  m_PlayerPrefab: {fileID: 3125554805597253850, guid: b02d06080c203f8dcad9e2fb98f93eed,
    type: 3}
  m_SplitScreen: 0
  m_MaintainAspectRatioInSplitScreen: 0
  m_FixedNumberOfSplitScreens: -1
  m_SplitScreenRect:
    serializedVersion: 2
    x: 0
    y: 0
    width: 1
    height: 1
--- !u!1001 &2467310512750293774
PrefabInstance:
  m_ObjectHideFlags: 0
  serializedVersion: 2
  m_Modification:
    m_TransformParent: {fileID: 0}
    m_Modifications:
    - target: {fileID: 523735314, guid: fbf9ae3e9a341129a904298279ce48bd, type: 3}
      propertyPath: m_SortingOrder
      value: -1
      objectReference: {fileID: 0}
    - target: {fileID: 647380388, guid: fbf9ae3e9a341129a904298279ce48bd, type: 3}
      propertyPath: m_SortingOrder
      value: 51
      objectReference: {fileID: 0}
    - target: {fileID: 1581193748, guid: fbf9ae3e9a341129a904298279ce48bd, type: 3}
      propertyPath: m_LocalPosition.x
      value: 0.15
      objectReference: {fileID: 0}
    - target: {fileID: 2467310512298257660, guid: fbf9ae3e9a341129a904298279ce48bd,
        type: 3}
      propertyPath: m_LocalScale.x
      value: 1.9556
      objectReference: {fileID: 0}
    - target: {fileID: 2467310512363487403, guid: fbf9ae3e9a341129a904298279ce48bd,
        type: 3}
      propertyPath: m_LocalScale.x
      value: 1.9556
      objectReference: {fileID: 0}
    - target: {fileID: 2467310512737460166, guid: fbf9ae3e9a341129a904298279ce48bd,
        type: 3}
      propertyPath: m_SortingOrder
      value: 2
      objectReference: {fileID: 0}
    - target: {fileID: 2467310513057746610, guid: fbf9ae3e9a341129a904298279ce48bd,
        type: 3}
      propertyPath: m_LocalPosition.x
      value: 0
      objectReference: {fileID: 0}
    - target: {fileID: 2467310513057746610, guid: fbf9ae3e9a341129a904298279ce48bd,
        type: 3}
      propertyPath: m_LocalPosition.y
      value: 0
      objectReference: {fileID: 0}
    - target: {fileID: 2467310513057746610, guid: fbf9ae3e9a341129a904298279ce48bd,
        type: 3}
      propertyPath: m_LocalPosition.z
      value: 0
      objectReference: {fileID: 0}
    - target: {fileID: 2467310513057746610, guid: fbf9ae3e9a341129a904298279ce48bd,
        type: 3}
      propertyPath: m_LocalRotation.x
      value: 0
      objectReference: {fileID: 0}
    - target: {fileID: 2467310513057746610, guid: fbf9ae3e9a341129a904298279ce48bd,
        type: 3}
      propertyPath: m_LocalRotation.y
      value: 0
      objectReference: {fileID: 0}
    - target: {fileID: 2467310513057746610, guid: fbf9ae3e9a341129a904298279ce48bd,
        type: 3}
      propertyPath: m_LocalRotation.z
      value: 0
      objectReference: {fileID: 0}
    - target: {fileID: 2467310513057746610, guid: fbf9ae3e9a341129a904298279ce48bd,
        type: 3}
      propertyPath: m_LocalRotation.w
      value: 1
      objectReference: {fileID: 0}
    - target: {fileID: 2467310513057746610, guid: fbf9ae3e9a341129a904298279ce48bd,
        type: 3}
      propertyPath: m_RootOrder
      value: 3
      objectReference: {fileID: 0}
    - target: {fileID: 2467310513057746610, guid: fbf9ae3e9a341129a904298279ce48bd,
        type: 3}
      propertyPath: m_LocalEulerAnglesHint.x
      value: 0
      objectReference: {fileID: 0}
    - target: {fileID: 2467310513057746610, guid: fbf9ae3e9a341129a904298279ce48bd,
        type: 3}
      propertyPath: m_LocalEulerAnglesHint.y
      value: 0
      objectReference: {fileID: 0}
    - target: {fileID: 2467310513057746610, guid: fbf9ae3e9a341129a904298279ce48bd,
        type: 3}
      propertyPath: m_LocalEulerAnglesHint.z
      value: 0
      objectReference: {fileID: 0}
    - target: {fileID: 2467310513057746613, guid: fbf9ae3e9a341129a904298279ce48bd,
        type: 3}
      propertyPath: m_Name
      value: Scenario
      objectReference: {fileID: 0}
    m_RemovedComponents: []
  m_SourcePrefab: {fileID: 100100000, guid: fbf9ae3e9a341129a904298279ce48bd, type: 3}
--- !u!1001 &2997275292250689191
PrefabInstance:
  m_ObjectHideFlags: 0
  serializedVersion: 2
  m_Modification:
    m_TransformParent: {fileID: 0}
    m_Modifications:
    - target: {fileID: 2997275293619114000, guid: cc07d7a302a412a78b8ba3f03d164798,
        type: 3}
      propertyPath: m_LocalPosition.x
      value: -5.248
      objectReference: {fileID: 0}
    - target: {fileID: 2997275293619114000, guid: cc07d7a302a412a78b8ba3f03d164798,
        type: 3}
      propertyPath: m_LocalPosition.y
      value: 3.999
      objectReference: {fileID: 0}
    - target: {fileID: 2997275293619114000, guid: cc07d7a302a412a78b8ba3f03d164798,
        type: 3}
      propertyPath: m_LocalPosition.z
      value: 0
      objectReference: {fileID: 0}
    - target: {fileID: 2997275293619114000, guid: cc07d7a302a412a78b8ba3f03d164798,
        type: 3}
      propertyPath: m_LocalRotation.x
      value: 0
      objectReference: {fileID: 0}
    - target: {fileID: 2997275293619114000, guid: cc07d7a302a412a78b8ba3f03d164798,
        type: 3}
      propertyPath: m_LocalRotation.y
      value: 0
      objectReference: {fileID: 0}
    - target: {fileID: 2997275293619114000, guid: cc07d7a302a412a78b8ba3f03d164798,
        type: 3}
      propertyPath: m_LocalRotation.z
      value: 0
      objectReference: {fileID: 0}
    - target: {fileID: 2997275293619114000, guid: cc07d7a302a412a78b8ba3f03d164798,
        type: 3}
      propertyPath: m_LocalRotation.w
      value: 1
      objectReference: {fileID: 0}
    - target: {fileID: 2997275293619114000, guid: cc07d7a302a412a78b8ba3f03d164798,
        type: 3}
      propertyPath: m_RootOrder
      value: 2
      objectReference: {fileID: 0}
    - target: {fileID: 2997275293619114000, guid: cc07d7a302a412a78b8ba3f03d164798,
        type: 3}
      propertyPath: m_LocalEulerAnglesHint.x
      value: 0
      objectReference: {fileID: 0}
    - target: {fileID: 2997275293619114000, guid: cc07d7a302a412a78b8ba3f03d164798,
        type: 3}
      propertyPath: m_LocalEulerAnglesHint.y
      value: 0
      objectReference: {fileID: 0}
    - target: {fileID: 2997275293619114000, guid: cc07d7a302a412a78b8ba3f03d164798,
        type: 3}
      propertyPath: m_LocalEulerAnglesHint.z
      value: 0
      objectReference: {fileID: 0}
    - target: {fileID: 2997275293619114007, guid: cc07d7a302a412a78b8ba3f03d164798,
        type: 3}
      propertyPath: m_Name
      value: Player
      objectReference: {fileID: 0}
    m_RemovedComponents: []
  m_SourcePrefab: {fileID: 100100000, guid: cc07d7a302a412a78b8ba3f03d164798, type: 3}
--- !u!1001 &6765218783739093437
PrefabInstance:
  m_ObjectHideFlags: 0
  serializedVersion: 2
  m_Modification:
    m_TransformParent: {fileID: 0}
    m_Modifications:
    - target: {fileID: 6461932202284374621, guid: 19aba76650da07f3783652acde5d9d46,
        type: 3}
      propertyPath: m_Sprite
      value: 
      objectReference: {fileID: 21300000, guid: 9fc412bb8531f607c8c5d1341fda8cc0,
        type: 3}
    - target: {fileID: 6461932202284374621, guid: 19aba76650da07f3783652acde5d9d46,
        type: 3}
      propertyPath: m_WasSpriteAssigned
      value: 1
      objectReference: {fileID: 0}
    - target: {fileID: 6765218784239425853, guid: 19aba76650da07f3783652acde5d9d46,
        type: 3}
      propertyPath: m_LocalPosition.x
      value: 0
      objectReference: {fileID: 0}
    - target: {fileID: 6765218784239425853, guid: 19aba76650da07f3783652acde5d9d46,
        type: 3}
      propertyPath: m_LocalPosition.y
      value: 0
      objectReference: {fileID: 0}
    - target: {fileID: 6765218784239425853, guid: 19aba76650da07f3783652acde5d9d46,
        type: 3}
      propertyPath: m_LocalPosition.z
      value: -10
      objectReference: {fileID: 0}
    - target: {fileID: 6765218784239425853, guid: 19aba76650da07f3783652acde5d9d46,
        type: 3}
      propertyPath: m_LocalRotation.x
      value: 0
      objectReference: {fileID: 0}
    - target: {fileID: 6765218784239425853, guid: 19aba76650da07f3783652acde5d9d46,
        type: 3}
      propertyPath: m_LocalRotation.y
      value: 0
      objectReference: {fileID: 0}
    - target: {fileID: 6765218784239425853, guid: 19aba76650da07f3783652acde5d9d46,
        type: 3}
      propertyPath: m_LocalRotation.z
      value: 0
      objectReference: {fileID: 0}
    - target: {fileID: 6765218784239425853, guid: 19aba76650da07f3783652acde5d9d46,
        type: 3}
      propertyPath: m_LocalRotation.w
      value: 1
      objectReference: {fileID: 0}
    - target: {fileID: 6765218784239425853, guid: 19aba76650da07f3783652acde5d9d46,
        type: 3}
      propertyPath: m_RootOrder
      value: 0
      objectReference: {fileID: 0}
    - target: {fileID: 6765218784239425853, guid: 19aba76650da07f3783652acde5d9d46,
        type: 3}
      propertyPath: m_LocalEulerAnglesHint.x
      value: 0
      objectReference: {fileID: 0}
    - target: {fileID: 6765218784239425853, guid: 19aba76650da07f3783652acde5d9d46,
        type: 3}
      propertyPath: m_LocalEulerAnglesHint.y
      value: 0
      objectReference: {fileID: 0}
    - target: {fileID: 6765218784239425853, guid: 19aba76650da07f3783652acde5d9d46,
        type: 3}
      propertyPath: m_LocalEulerAnglesHint.z
      value: 0
      objectReference: {fileID: 0}
    - target: {fileID: 6765218784239425985, guid: 19aba76650da07f3783652acde5d9d46,
        type: 3}
      propertyPath: m_Name
      value: Main Camera
      objectReference: {fileID: 0}
    m_RemovedComponents: []
  m_SourcePrefab: {fileID: 100100000, guid: 19aba76650da07f3783652acde5d9d46, type: 3}
